@article{glass2006targeted,
  title={Targeted social distancing designs for pandemic influenza},
  author={Glass, Robert J and Glass, Laura M and Beyeler, Walter E and Min, H Jason},
  journal={Emerging infectious diseases},
  volume={12},
  number={11},
  pages={1671},
  year={2006},
  publisher={Centers for Disease Control and Prevention}
}

@book{lewis2021premonition,
  title={The premonition: A pandemic story},
  author={Lewis, Michael},
  year={2021},
  publisher={Penguin UK}
}

@book{homeland2005national,
  title={National strategy for pandemic influenza},
  author={Homeland Security Council (US)},
  year={2005},
  publisher={Homeland Security Council}
}

@article{sipser1996introduction,
  title={Introduction to the Theory of Computation},
  author={Sipser, Michael},
  journal={ACM Sigact News},
  volume={27},
  number={1},
  pages={27--29},
  year={1996},
  publisher={ACM New York, NY, USA}
}

@article{retzlaff2017physically,
  title={Physically based computer graphics for realistic image formation to simulate optical measurement systems},
  author={Retzlaff, Max-Gerd and Hanika, Johannes and Beyerer, J{\"u}rgen and Dachsbacher, Carsten},
  journal={Journal of Sensors and Sensor Systems},
  volume={6},
  number={1},
  pages={171--184},
  year={2017},
  publisher={Copernicus GmbH}
}
